<record><leader>00000cas a22000007a 4500</leader><controlfield tag="001">22514722</controlfield><controlfield tag="008">901015d18941899mouwr ne      0    0eng d</controlfield><datafield ind1=" " ind2=" " tag="010"><subfield code="a">sn 90061552 </subfield></datafield><datafield ind1=" " ind2=" " tag="040"><subfield code="a">MQN</subfield><subfield code="b">eng</subfield><subfield code="c">MQN</subfield><subfield code="d">OCLCQ</subfield></datafield><datafield ind1=" " ind2=" " tag="042"><subfield code="a">msc</subfield></datafield><datafield ind1="0" ind2="4" tag="245"><subfield code="a">The Sentinel-examiner.</subfield></datafield><datafield ind1=" " ind2=" " tag="260"><subfield code="a">Westport, Mo. :</subfield><subfield code="b">Sentinel-Examiner Pub. Co.,</subfield><subfield code="c">1894-</subfield></datafield><datafield ind1=" " ind2=" " tag="300"><subfield code="a">v.</subfield></datafield><datafield ind1=" " ind2=" " tag="310"><subfield code="a">Weekly</subfield></datafield><datafield ind1="0" ind2=" " tag="362"><subfield code="a">Vol. 4, no. 1 (June 16, 1894)-</subfield></datafield><datafield ind1="1" ind2=" " tag="362"><subfield code="a">Ceased in 1899?</subfield></datafield><datafield ind1=" " ind2=" " tag="515"><subfield code="a">Includes numbering of both preceding titles.</subfield></datafield><datafield ind1=" " ind2=" " tag="752"><subfield code="a">United States</subfield><subfield code="b">Missouri</subfield><subfield code="c">Jackson</subfield><subfield code="d">Kansas City.</subfield></datafield><datafield ind1=" " ind2=" " tag="752"><subfield code="a">United States</subfield><subfield code="b">Missouri</subfield><subfield code="c">Jackson</subfield><subfield code="d">Westport.</subfield></datafield><datafield ind1="0" ind2="4" tag="780"><subfield code="t">Sentinel (Kansas City, Mo.)</subfield></datafield><datafield ind1="0" ind2="4" tag="780"><subfield code="t">Westport examiner</subfield><subfield code="w">(DLC)sn 90061551</subfield></datafield></record>